% emptymisc
@emptymisc{gantryresearch,
note={李吉豪，"溫室用龍門型澆水機器人研究"，國立清華大學動力機械工程學系碩士論文，~2022年2月。}
}

% =================== %
% Background
% =================== %
@article{nations2019world,
  title={World population prospects 2019},
  author={Nations, United},
  journal={Department of Economic and Social Affairs},
  volume={2},
  year={2019}
}

@incollection{人文與社科簡訊_人口老化,
  title={人口老化：勞動力短缺之衝擊與挑戰},
  author={廖珮如},
  booktitle={人文與社會科學簡訊},
  volume={21},
  pages={74--83},
  year={2020},
  publisher={科技部人文及社會科學研究發展司}
}

@online{國發會年齡人口變動趨勢, 
    title={三階段年齡人口變動趨勢}, 
    url={https://www.ndc.gov.tw/Content_List.aspx?n=D527207EEEF59B9B}, 
    author={國家發展委員會}, 
    year={2020}, 
    urldate={2021-12-04}
}

% =================== %
% MRS application
% =================== %

@article{autonomous_warehouse_2013,
  title={Coordinating hundreds of cooperative, autonomous robots in a warehouse},
  author={Poudel, Dev Bahadur},
  journal={Jan},
  volume={27},
  number={1-13},
  pages={26},
  year={2013}
}

@article{MRS_search_rescue_2020,
  title={Collaborative multi-robot search and rescue: Planning, coordination, perception, and active vision},
  author={Queralta, Jorge Pena and Taipalmaa, Jussi and Pullinen, Bilge Can and Sarker, Victor Kathan and Gia, Tuan Nguyen and Tenhunen, Hannu and Gabbouj, Moncef and Raitoharju, Jenni and Westerlund, Tomi},
  journal={IEEE Access},
  volume={8},
  pages={191617--191643},
  year={2020},
  publisher={IEEE}
}

@inproceedings{MRS_coop_manipulation_2016,
  title={Decentralized motion control for cooperative manipulation with a team of networked mobile manipulators},
  author={Petitti, Antonio and Franchi, Antonio and Di Paola, Donato and Rizzo, Alessandro},
  booktitle={2016 IEEE International Conference on Robotics and Automation (ICRA)},
  pages={441--446},
  address={Stockholm, Sweden, May 16 - 21},
  year={2016},
  organization={IEEE}
}

% =================== %
% SAPF
% =================== %

@article{dijkstra_1959,
  title={A note on two problems in connexion with graphs},
  author={Dijkstra, Edsger W and others},
  journal={Numerische mathematik},
  volume={1},
  number={1},
  pages={269--271},
  year={1959}
}

@article{Astar_1968,
  title={A formal basis for the heuristic determination of minimum cost paths},
  author={Hart, Peter E and Nilsson, Nils J and Raphael, Bertram},
  journal={IEEE transactions on Systems Science and Cybernetics},
  volume={4},
  number={2},
  pages={100--107},
  year={1968},
  publisher={IEEE}
}

@article{Hybrid_aster_2008,
  title={Practical search techniques in path planning for autonomous driving},
  author={Dolgov, Dmitri and Thrun, Sebastian and Montemerlo, Michael and Diebel, James},
  journal={Ann Arbor},
  volume={1001},
  number={48105},
  pages={18--80},
  year={2008}
}

@article{theta_star_2007,
  title={Theta*: Any-angle path planning on grids},
  author={Daniel, Kenny and Nash, Alex and Koenig, Sven and Felner, Ariel},
  journal={Journal of Artificial Intelligence Research},
  volume={39},
  pages={533--579},
  year={2010}
}

@techreport{rrt_1998,
    author = {Steven M. Lavalle},
    title = {Rapidly-Exploring Random Trees: A New Tool for Path Planning},
    institution = {Iowa State University, Department of Computer Science},
    year = {1998}
}

@article{rrt_star_2011,
  title={Sampling-based algorithms for optimal motion planning},
  author={Karaman, Sertac and Frazzoli, Emilio},
  journal={The international journal of robotics research},
  volume={30},
  number={7},
  pages={846--894},
  year={2011},
  publisher={Sage Publications Sage UK: London, England}
}

@inproceedings{rrt_nonholonomic_2016,
  title={RRT-based nonholonomic motion planning using any-angle path biasing},
  author={Palmieri, Luigi and Koenig, Sven and Arras, Kai O},
  booktitle={2016 IEEE International Conference on Robotics and Automation (ICRA)},
  pages={2775--2781},
  address={Stockholm, Sweden, May 16 - 21},
  year={2016},
  organization={IEEE}
}

% =================== %
% MAPF
% =================== %

@inproceedings{mapf_NP-hard_2013,
  title={Structure and intractability of optimal multi-robot path planning on graphs},
  author={Yu, Jingjin and LaValle, Steven M},
  booktitle={Twenty-Seventh AAAI Conference on Artificial Intelligence},
  address={Washington, USA, July 14 – 18},
  year={2013}
}

@article{mapf_overview_2019,
  title={Multi-agent path finding--an overview},
  author={Stern, Roni},
  journal={Artificial Intelligence},
  pages={96--115},
  year={2019},
  publisher={Springer}
}

@article{prioritized_planning_2015,
  title={Prioritized planning algorithms for trajectory coordination of multiple mobile robots},
  author={{\v{C}}{\'a}p, Michal and Nov{\'a}k, Peter and Kleiner, Alexander and Seleck{\`y}, Martin},
  journal={IEEE transactions on automation science and engineering},
  volume={12},
  number={3},
  pages={835--849},
  year={2015},
  publisher={IEEE}
}

@inproceedings{push_and_swap_2011,
  title={Efficient and complete centralized multi-robot path planning},
  author={Luna, Ryan and Bekris, Kostas E},
  booktitle={2011 IEEE/RSJ International Conference on Intelligent Robots and Systems},
  pages={3268--3275},
  address={San Francisco, USA, September 25 - 30},
  year={2011},
  organization={IEEE}
}

@article{mstar_2015,
  title={Subdimensional expansion for multirobot path planning},
  author={Wagner, Glenn and Choset, Howie},
  journal={Artificial Intelligence},
  volume={219},
  pages={1--24},
  year={2015},
  publisher={Elsevier}
}

@article{ICTS_2013,
  title={The increasing cost tree search for optimal multi-agent pathfinding},
  author={Sharon, Guni and Stern, Roni and Goldenberg, Meir and Felner, Ariel},
  journal={Artificial Intelligence},
  volume={195},
  pages={470--495},
  year={2013},
  publisher={Elsevier}
}

@article{CBS_2015,
  title={Conflict-based search for optimal multi-agent pathfinding},
  author={Sharon, Guni and Stern, Roni and Felner, Ariel and Sturtevant, Nathan R},
  journal={Artificial Intelligence},
  volume={219},
  pages={40--66},
  year={2015},
  publisher={Elsevier}
}

% =================== %
% VO / ORCA
% =================== %

@article{vo_1998,
  title={Motion planning in dynamic environments using velocity obstacles},
  author={Fiorini, Paolo and Shiller, Zvi},
  journal={The International Journal of Robotics Research},
  volume={17},
  number={7},
  pages={760--772},
  year={1998},
  publisher={Sage Publications Sage CA: Thousand Oaks, CA}
}

@inproceedings{rvo_2008,
  title={Reciprocal velocity obstacles for real-time multi-agent navigation},
  author={Van den Berg, Jur and Lin, Ming and Manocha, Dinesh},
  booktitle={2008 IEEE International Conference on Robotics and Automation},
  pages={1928--1935},
  address={California, USA, May 19 - 23},
  year={2008},
  organization={IEEE}
}

@incollection{orca_2011,
  title={Reciprocal n-body collision avoidance},
  author={Van Den Berg, Jur and Guy, Stephen J and Lin, Ming and Manocha, Dinesh},
  booktitle={Robotics research},
  pages={3--19},
  year={2011}
}

% =================== %
% APF
% =================== %

@incollection{first_apf_1986,
  title={Real-time obstacle avoidance for manipulators and mobile robots},
  author={Khatib, Oussama},
  booktitle={Autonomous robot vehicles},
  pages={396--404},
  year={1986}
}

@article{apf_gnron_2000,
  title={New potential functions for mobile robot path planning},
  author={Ge, Shuzhi Sam and Cui, Yan Juan},
  journal={IEEE Transactions on robotics and automation},
  volume={16},
  number={5},
  pages={615--620},
  year={2000},
  publisher={IEEE}
}

@article{apf_2016_weerakoon,
  title={Artificial Potential Field and Feature Extraction Method for Mobile Robot Path Planning in Structured Environments},
  author={Weerakoon, T},
  journal={Kyushu Institute of Technology},
  year={2016}
}

@inproceedings{apf_multi_2009,
  title={Collision avoidance planning in multi-robot based on improved artificial potential field and rules},
  author={Yongjie, Yan and Yan, Zhang},
  booktitle={2008 IEEE International Conference on Robotics and Biomimetics},
  pages={1026--1031},
  address={Bangkok, Thailand, December 14 - 17},
  year={2009},
  organization={IEEE}
}

@article{apf_multi_2019,
  title={Multi-robot obstacle avoidance based on the improved artificial potential field and PID adaptive tracking control algorithm},
  author={Pan, Zhenhua and Li, Dongfang and Yang, Kun and Deng, Hongbin},
  journal={Robotica},
  volume={37},
  number={11},
  pages={1883--1903},
  year={2019},
  publisher={Cambridge University Press}
}

% =================== %
% MAPF DL/DRL
% =================== %
@article{first_drl_2016,
  title={Decentralized Non-communicating Multiagent Collision Avoidance with Deep Reinforcement Learning},
  author={Chen, Yu Fan and Liu, Miao and Everett, Michael and How, Jonathan P},
  journal={arXiv preprint arXiv:1609.07845},
  year={2016}
}

@inproceedings{hierarchical_drl_2018,
  title={Hierarchical reinforcement learning framework towards multi-agent navigation},
  author={Ding, Wenhao and Li, Shuaijun and Qian, Huihuan and Chen, Yongquan},
  booktitle={2018 IEEE International Conference on Robotics and Biomimetics (ROBIO)},
  pages={237--242},
  address={Kuala Lumpur, Malaysia, December 12 - 15},
  year={2018},
  organization={IEEE}
}

@article{hybrid_drl_2020,
  title={Distributed multi-robot collision avoidance via deep reinforcement learning for navigation in complex scenarios},
  author={Fan, Tingxiang and Long, Pinxin and Liu, Wenxi and Pan, Jia},
  journal={The International Journal of Robotics Research},
  volume={39},
  number={7},
  pages={856--892},
  year={2020},
  publisher={SAGE Publications Sage UK: London, England}
}

% =================== %
% localization
% =================== %

@article{ekf_localization_1999,
  title={Development and experimental validation of an adaptive extended Kalman filter for the localization of mobile robots},
  author={Jetto, Leopoldo and Longhi, Sauro and Venturini, Giuseppe},
  journal={IEEE Transactions on Robotics and Automation},
  volume={15},
  number={2},
  pages={219--229},
  year={1999},
  publisher={IEEE}
}

@inproceedings{MCL_1999,
  title={Monte carlo localization for mobile robots},
  author={Dellaert, Frank and Fox, Dieter and Burgard, Wolfram and Thrun, Sebastian},
  booktitle={Proceedings 1999 IEEE International Conference on Robotics and Automation},
  volume={2},
  pages={1322--1328},
  address={Michigan, USA, May 10 - 15},
  year={1999},
  organization={IEEE}
}

@article{AMCL_2001,
  title={KLD-sampling: Adaptive particle filters and mobile robot localization},
  author={Fox, Dieter},
  journal={Advances in Neural Information Processing Systems (NIPS)},
  volume={14},
  number={1},
  pages={26--32},
  year={2001},
  publisher={Citeseer}
}

@article{indoor_localization_survey_2019,
  title={A survey of indoor localization systems and technologies},
  author={Zafari, Faheem and Gkelias, Athanasios and Leung, Kin K},
  journal={IEEE Communications Surveys \& Tutorials},
  volume={21},
  number={3},
  pages={2568--2599},
  year={2019},
  publisher={IEEE}
}

% =================== %
% SLAM
% =================== %

@article{gmapping_2007,
  title={Improved techniques for grid mapping with rao-blackwellized particle filters},
  author={Grisetti, Giorgio and Stachniss, Cyrill and Burgard, Wolfram},
  journal={IEEE transactions on Robotics},
  volume={23},
  number={1},
  pages={34--46},
  year={2007},
  publisher={IEEE}
}

@inproceedings{cartographer_2016,
  title={Real-time loop closure in 2D LIDAR SLAM},
  author={Hess, Wolfgang and Kohler, Damon and Rapp, Holger and Andor, Daniel},
  booktitle={2016 IEEE International Conference on Robotics and Automation (ICRA)},
  pages={1271--1278},
  address={Stockholm, Sweden, May 16 - 21},
  year={2016},
  organization={IEEE}
}

% =================== %
% control
% =================== %

@article{control_review_2017,
  title={Modelling and control strategies in path tracking control for autonomous ground vehicles: a review of state of the art and challenges},
  author={Amer, Noor Hafizah and Zamzuri, Hairi and Hudha, Khisbullah and Kadir, Zulkiffli Abdul},
  journal={Journal of intelligent \& robotic systems},
  volume={86},
  number={2},
  pages={225--254},
  year={2017},
  publisher={Springer}
}

@inproceedings{pure_pursuit_1990,
  title={Integrated mobile robot control},
  author={Amidi, Omead and Thorpe, Chuck E},
  booktitle={Mobile Robots V},
  volume={1388},
  pages={504--523},
  year={1991},
  organization={SPIE}
}

@phdthesis{stanley_2007,
  title={Steering control of an autonomous ground vehicle with application to the DARPA urban challenge},
  author={Campbell, Stefan Forrest},
  year={2007},
  school={Massachusetts Institute of Technology}
}

% =================== %
% local planner
% =================== %

@inproceedings{elastic_bands_1993,
  title={Elastic bands: Connecting path planning and control},
  author={Quinlan, Sean and Khatib, Oussama},
  booktitle={[1993] Proceedings IEEE International Conference on Robotics and Automation},
  pages={802--807},
  address={Atlanta, USA, May 2 - 6},
  year={1993},
  organization={IEEE}
}

@inproceedings{teb_2015,
  title={Timed-elastic-bands for time-optimal point-to-point nonlinear model predictive control},
  author={R{\"o}smann, Christoph and Hoffmann, Frank and Bertram, Torsten},
  booktitle={2015 european control conference (ECC)},
  pages={3352--3357},
  address={Linz, Austria, July 15 - 17},
  year={2015},
  organization={IEEE}
}

@article{dwa_1997,
  title={The dynamic window approach to collision avoidance},
  author={Fox, Dieter and Burgard, Wolfram and Thrun, Sebastian},
  journal={IEEE Robotics \& Automation Magazine},
  volume={4},
  number={1},
  pages={23--33},
  year={1997},
  publisher={IEEE}
}

% =================== %
% eurobot
% =================== %

@inproceedings{eurobot_ekf_2011,
  title={Mobile robot localization using beacons and the Kalman filter technique for the Eurobot competition},
  author={Bittel, Oliver and Blaich, Michael},
  booktitle={Research and Education in Robotics - EUROBOT 2011},
  pages={55--67},
  year={2011},
  organization={Springer}
}

@inproceedings{eurobot_irbeacon_2011,
  title={Designing an omni-directional infrared sensor and beacon system for the eurobot competition},
  author={Durst, Valentin and Hagel, Daniel and Vander, Jan and Blaich, Michael and Bittel, Oliver},
  booktitle={International Conference on Research and Education in Robotics},
  pages={102--113},
  year={2011},
  organization={Springer}
}

@mastersthesis{eurobot_ntnu_2012,
  title={Eurobot NTNU 2012: Treasure island},
  author={Halvorsen, Are},
  year={2012},
  school={Institutt for teknisk kybernetikk}
}

@article{eurobot_ultrasound_2013,
  title={Team organization and participation in the Eurobot 2012 contest},
  author={BURKODI, L{\"a}szl{\'o} Csaba and KISS, Tam{\"a}s G{\"a}bor and KARKUS, P{\'e}ter and VARGA, D{\"a}niel and Istv{\"a}n, VAJK},
  journal={IFAC Proceedings Volumes},
  volume={46},
  number={17},
  pages={180--185},
  year={2013},
  publisher={Elsevier}
}

@article{eurobot_ros_2016,
  title={Using Robot Operating System for Autonomous Control of Robots in Eurobot, Erc and Robotour Competitions},
  author={Granosik, Grzegorz and Andrzejczak, Kacper and Kujawinski, Mateusz and Bonecki, Rafal and Chlebowicz, Lukasz and Krysztofiak, Blazej and Mirecki, Konrad and Gawryszewski, Marek},
  journal={Acta Polytechnica CTU Proceedings},
  volume={6},
  pages={11--17},
  year={2016}
}

@online{eurobot, 
title={International robotics contest}, 
url={https://www.eurobot.org/}, 
author={Eurobot}, 
year={2022}, 
urldate={2022-07-14}}

@online{eurobot_2022, 
title={AGE OF BOTS – 2022}, 
url={https://www.eurobot.org/eurobot-contest/eurobot-2022/}, 
author={Eurobot}, 
year={2022}, 
urldate={2022-07-14}} 

% =================== %
% map class
% =================== %

@incollection{map_class_2019,
  title={Choosing a search space representation},
  author={Sturtevant, Nathan R},
  booktitle={Game AI Pro 360},
  pages={13--18},
  year={2019},
  publisher={CRC Press}
}

@inproceedings{mapf_definitions_2019,
  title={Multi-agent pathfinding: Definitions, variants, and benchmarks},
  author={Stern, Roni and Sturtevant, Nathan R and Felner, Ariel and Koenig, Sven and Ma, Hang and Walker, Thayne T and Li, Jiaoyang and Atzmon, Dor and Cohen, Liron and Kumar, TK Satish and others},
  booktitle={Twelfth Annual Symposium on Combinatorial Search},
  year={2019}
}

% =================== %
%  ROS
% =================== %
@inproceedings{ros_2009,
  title={ROS: an open-source Robot Operating System},
  author={Quigley, Morgan and Conley, Ken and Gerkey, Brian and Faust, Josh and Foote, Tully and Leibs, Jeremy and Wheeler, Rob and Ng, Andrew Y and others},
  booktitle={ICRA workshop on open source software},
  volume={3},
  pages={5},
  address={Kobe, Japan, May 12 - 13, 17},
  year={2009},
  organization={Kobe, Japan}
}

@inproceedings{player_stage_2003,
  title={The player/stage project: Tools for multi-robot and distributed sensor systems},
  author={Gerkey, Brian and Vaughan, Richard T and Howard, Andrew and others},
  booktitle={Proceedings of the 11th international conference on advanced robotics},
  volume={1},
  pages={317--323},
  year={2003},
  organization={Citeseer}
}

@inproceedings{navigation_stack_ros,
  title={The office marathon: Robust navigation in an indoor office environment},
  author={Marder-Eppstein, Eitan and Berger, Eric and Foote, Tully and Gerkey, Brian and Konolige, Kurt},
  booktitle={2010 IEEE international conference on robotics and automation},
  pages={300--307},
  address={Alaska, USA, May 3 - 8},
  year={2010},
  organization={IEEE}
}

@online{move_base, 
title={move\_base}, 
url={http://wiki.ros.org/move_base}, 
author={Open Robotics}, 
year={2020}, 
urldate={2022-07-22}} 

@online{costmap_2d, 
title={costmap\_2d}, 
url={http://wiki.ros.org/costmap_2d?distro=noetic}, 
author={Open Robotics}, 
year={2018}, 
urldate={2022-07-22}} 

% =================== %
%  obstacles detection
% =================== %

@inproceedings{obstacles_detection2017,
  title={Detection and tracking of 2D geometric obstacles from LRF data},
  author={Przyby{\l}a, Mateusz},
  booktitle={2017 11th International Workshop on Robot Motion and Control (RoMoCo)},
  pages={135--141},
  address={Wąsowo, Poland, July 3 - 5},
  year={2017},
  organization={IEEE}
}

% =================== %
%  text-book
% =================== %

@book{autonomous_mobile_robots,
  title={Introduction to autonomous mobile robots},
  author={Siegwart, Roland and Nourbakhsh, Illah Reza and Scaramuzza, Davide},
  year={2011},
  publisher={MIT press}
}

@article{thrun2002probabilistic,
  title={Probabilistic robotics},
  author={Thrun, Sebastian},
  journal={Communications of the ACM},
  volume={45},
  number={3},
  pages={52--57},
  year={2002},
  publisher={ACM New York, NY, USA}
}

% =================== %
%  performance indicator
% =================== %

@article{suboptimality_2020,
  title={Cooperative pathfinding based on memory-efficient multi-agent RRT},
  author={Jiang, Jinmingwu and Wu, Kaigui},
  journal={IEEE Access},
  volume={8},
  pages={168743--168750},
  year={2020},
  publisher={IEEE}
}